
@article{do2025,
	title = {Use of Cigarettes, Cannabis, and Alcohol Among Asian American, Native Hawaiian, and Pacific Islander Adults: Community-Based National Survey Analysis},
	author = {Do, Vuong Van and Park, Van My Ta and Nguyen, Nhung and Ling, Pamela May and Tzuang, Marian and Nam, Bora and Dougan, Marcelle M. and Meyer, Oanh L. and Tsoh, Janice Y.},
	year = {2025},
	month = {08},
	date = {2025-08-20},
	journal = {JMIR Public Health and Surveillance},
	pages = {e76465},
	volume = {11},
	number = {1},
	doi = {10.2196/76465},
	url = {https://publichealth.jmir.org/2025/1/e76465},
	note = {Company: JMIR Public Health and Surveillance
Distributor: JMIR Public Health and Surveillance
Institution: JMIR Public Health and Surveillance
Label: JMIR Public Health and Surveillance
Publisher: JMIR Publications Inc., Toronto, Canada},
	langid = {EN}
}
